@article{mannucci1998global,
  title={A global mapping technique for GPS-derived ionospheric total electron content measurements},
  author={Mannucci, AJ and Wilson, BD and Yuan, DN and Ho, CH and Lindqwister, UJ and Runge, TF},
  journal={Radio science},
  volume={33},
  number={3},
  pages={565--582},
  year={1998},
  publisher={AGU}
}

@article{jakowski2002gps,
  title={GPS/GLONASS-based TEC measurements as a contributor for space weather forecast},
  author={Jakowski, N and Heise, S and Wehrenpfennig, A and Schl{\"u}ter, S and Reimer, R},
  journal={Journal of Atmospheric and Solar-Terrestrial Physics},
  volume={64},
  number={5-6},
  pages={729--735},
  year={2002},
  publisher={Elsevier}
}

@article{afraimovich2008tec,
  title={TEC anomaliesâ€”Local TEC changes prior to earthquakes or TEC response to solar and geomagnetic activity changes?},
  author={Afraimovich, Edward L and Astafyeva, Elvira I},
  journal={Earth, planets and space},
  volume={60},
  number={9},
  pages={961--966},
  year={2008},
  publisher={Springer}
}



@article{pan2020tec,
  title={TEC map completion using DCGAN and Poisson blending},
  author={Pan, Yang and Jin, Mingwu and Zhang, Shunrong and Deng, Yue},
  journal={Space Weather},
  volume={18},
  number={5},
  pages={e2019SW002390},
  year={2020},
  publisher={Wiley Online Library}
}